%https://www.bibtex.com/s/bibliography-style-ieeetran-ieeetran/
% Eksempler på hvordan man skriver bibliografi-referanser i example_bib.bib
% https://ieeeauthorcenter.ieee.org/wp-content/uploads/IEEE-Reference-Guide.pdf
% https://libguides.murdoch.edu.au/IEEE/text

% ISBN vises ikke i referansene. Dette er begrenset i IEEE-siteringsstil %


@misc{website:whatisdotnet,
    author = "Microsoft",
    title = "What is .NET?",
    howpublished = "\url{https://dotnet.microsoft.com/learn/dotnet/what-is-dotnet}",
    note ="[Online; besøkt 2021-05-10]"
}

@misc{website:enwiki:1022125304,
    author = "{Wikipedia contributors}",
    title = "Python (programming language) --- {Wikipedia}{,} The Free Encyclopedia",
    year = "2021",
    howpublished = "\url{https://en.wikipedia.org/w/index.php?title=Python_(programming_language)&oldid=1022125304}",
    note = "[Online; besøkt 2021-05-10]"
  }
 
@misc{website:python,
    author = "{Python.org}",
    title = "Welcome to Python",
    year = "2021",
    howpublished = "\url{https://www.python.org}",
    note = "[Online; besøkt 2021-05-19]"
  }
  
@book{BeazleyDavidM2006Per,
series = {Developer's library},
publisher = {Sams},
isbn = {0672328623},
year = {2006},
title = {Python essential reference},
edition = {3rd ed.},
language = {eng},
address = {Indianapolis, Ind},
author = {Beazley, David M},
keywords = {Python; Python; python; programmering; programmeringsspråk},
}


  
@misc{website:tidsskriftet:om,
    author = "{Tidsskriftet}",
    title = "Tidsskriftet - om Tidsskriftet",
    year = "2021",
    howpublished = "\url{https://tidsskriftet.no/annet/om-tidsskriftet}",
    note = "[Online; besøkt 2021-05-10]"
  }
  
  @misc{website:lxml,
    author = "{Ian Bicking}",
    title = "LXML",
    year = "2021",
    month = "03",
    day = "21",
    howpublished = "\url{https://lxml.de}",
    note = "[Online; besøkt 2021-05-10]"
  }
  
@misc{website:nltk,
    author = "{NLTK project}",
    title = "NLTK",
    year = "2021",
    month = "04",
    day = "20",
    howpublished = "\url{https://nltk.org}",
    note = "[Online; besøkt 2021-05-11]"
}

@misc{website:snl:maskinlaering,
    author = "{Axel Tidemann, Anne Cathrine Elster}",
    title = "Maskinlæring i Store norske leksikon på snl.no",
    year = "2019",
    month = "06",
    day = "07",
    howpublished = "\url{https://snl.no/maskinl\%C3\%A6ring}",
    note = "[Online; besøkt 2021-05-10]"
}  
  
@techreport{article:pilan2020building,
    title = "{Building a Norwegian Lexical Resource for Medical Entity Recognition}",
    author = "{Ildik\'o Pil\'an, Pål H. Brekke and Lilje Øvrelid}",
    journal = "{To appear in Proceedings of the 2nd workshop on Multilingual Biomedical Text Processing (MultilingualBIO)}",
    year = "2020",
     howpublished = "\url{https://bigmed.no/assets/Reports/building_a_norwegian_lexical_resource_for_medical_entity_recognition-pilan-brekke-ovrelid.pdf}",
    note = "[Online; besøkt 2021-05-11]"
}

@misc{website:what-is-container,
    author = "{Docker Inc.}",
    title = "What is a Container?",
    year = "2019",
    month = "06",
    day = "07",
    howpublished = "\url{https://www.docker.com/resources/what-container}",
    note = "[Online; besøkt 2021-05-10]"
}  

@misc{website:tour-of-csharp,
    author = "{Microsoft}",
    title = "A tour of the C\# language",
    year = "2021",
    month = "01",
    day = "28",
    howpublished = "\url{https://docs.microsoft.com/en-us/dotnet/csharp/tour-of-csharp/
}",
    note = "[Online; besøkt 2021-05-12]"
}  

@misc{website:cloud-computing,
    author = "{Sai Vennam}",
    title = "What is Cloud Computing?",
    year = "2020",
    month = "08",
    day = "18",
    howpublished = "\url{https://www.ibm.com/cloud/learn/cloud-computing}",
    note = "[Online; besøkt 2021-05-12]"
}  

@misc{website:skip-list,
    author = "{Alex Chumbley, Christopher Williams, Jorge Branco, Jimin Khim, Eli Ross}",
    title = "Skip List",
    howpublished = "\url{https://brilliant.org/wiki/skip-lists/}",
    note = "[Online; besøkt 2021-05-12]"
} 

@misc{website:precision-medicine,
    author = "{BigMed Project}",
    title = "Precision Medicine",
    howpublished = "\url{https://bigmed.no/about}",
    note = "[Online; besøkt 2021-05-12]"
} 

@misc{website:javatpoint,
    author = "javatpoint",
    title = "Skip list in data structure",
    howpublished = "\url{https://www.javatpoint.com/skip-list-in-data-structure}",
    note ="[Online; besøkt 2021-05-19]"
}

@techreport{NorMedTerm,
    author = "{Ildikó Pilán
, Pål H. Brekke
, Lilja Øvrelid}",
    title = "Building a Norwegian Lexical Resource for Medical Entity Recognition",
    howpublished = "\url{https://bigmed.no/assets/Reports/building_a_norwegian_lexical_resource_for_medical_entity_recognition-pilan-brekke-ovrelid.pdf}",
    note = "[Online; besøkt 2021-05-14]"
} 

@misc{website:basefarm,
    author = "{Basefarm}",
    title = "Hva er skytjenester? Introduksjon til Cloud Computing.",
    howpublished = "\url{https://basefarm.no/blogg/hva-er-skytjenester-introduksjon-til-cloud-computing/}",
    note = "[Online; besøkt 2021-05-14]"
} 

@misc{website:journalforskriften,
    author = "{Helse- og omsorgsdepartementet}",
    title = "Forskrift om pasientjournal",
    howpublished = "\url{https://lovdata.no/dokument/SF/forskrift/2019-03-01-168}",
    note = "[Online; besøkt 2021-05-14]"
} 

@misc{website:kravjournal,
    author = "{Den Norske Legeforening}",
    title = "Krav til journalføringen",
    howpublished = "\url{https://www.legeforeningen.no/jus-og-arbeidsliv/rettigheter-og-plikter-for-lege-og-pasient/pasientjournal/krav-til-journalfo}",
    note = "[Online; besøkt 2021-05-14]"
} 

@misc{website:integration-hell,
    author = "{Accenture|Solutions IQ}",
    title = "Integration Hell",
    howpublished = "\url{https://www.solutionsiq.com/agile-glossary/integration-hell/}",
    note = "[Online; besøkt 2021-05-14]"
} 
@misc{website:what-is-ci-cd,
    author = "{Red Hat}",
    title = "What is CI/CD?",
    howpublished = "\url{https://www.redhat.com/en/topics/devops/what-is-ci-cd}",
    note = "[Online; besøkt 2021-05-14]"
} 

@techreport{website:legearbeidstid,
    author = "{Judith Rosta, Olaf Gjerløw Aasland}",
    title = "Doctors' working hours and time spent on patient care in the period 1994 - 2014",
    howpublished = "\url{https://pubmed.ncbi.nlm.nih.gov/27637054/}",
    note = "[Online; besøkt 2021-05-14]"
} 

@misc{website:restfulapi,
    author = "{Restfulapi.net}",
    title = "What is REST?",
    howpublished = "\url{https://restfulapi.net/}",
    note = "[Online; besøkt 2021-05-14]"
} 

@misc{website:version-control,
    author = "{Atlassian}",
    title = "What is version control?",
    howpublished = "\url{https://www.atlassian.com/git/tutorials/what-is-version-control}",
    note = "[Online; besøkt 2021-05-14]"
} 

@misc{website:git,
    author = "{Atlassian}",
    title = "What is Git",
    howpublished = "\url{https://www.atlassian.com/git/tutorials/what-is-git}",
    note = "[Online; besøkt 2021-05-14]"
}

@misc{website:apicontroller,
    author = "{Microsoft}",
    title = "API design",
    howpublished = "\url{https://docs.microsoft.com/en-us/aspnet/core/tutorials/first-web-api?view=aspnetcore-5.0&tabs=visual-studio}",
    note = "[Online; besøkt 2021-05-14]"
}

 @misc{website:wiki-bootstrap,
    author = "{Wikipedia contributors}",
    title = "Bootstrap (front-end framework) --- {Wikipedia}{,} The Free Encyclopedia",
    year = "2021",
    howpublished = "\url{https://en.wikipedia.org/w/index.php?title=Bootstrap_(front-end_framework)&oldid=1022842064}",
    note = "[Online; besøkt 2021-05-14]"
  }
  
  @misc{website:enwiki:efcore,
    author = "{Wikipedia contributors}",
    title = "Entity Framework --- {Wikipedia}{,} The Free Encyclopedia",
    year = "2021",
    howpublished = "\url{https://en.wikipedia.org/w/index.php?title=Entity_Framework&oldid=1022836184}",
    note = "[Online; besøkt 2021-05-18]"
  }
  
  @misc{website:sqlite:whentouse,
  title = "When to use Sqlite",
  howpublished = 
  "\url{https://www.sqlite.org/whentouse.html}",
  }
  
@book{book:efcore ,
    author = "{Eric Vogel}",
    booktitle = {Beginning Entity Framework Core 5},
    title = {Beginning Entity Framework Core 5: From Novice to Professional},
    ISBN = {978-1-4842-6881-0},
    publisher = {Apress, Berkley, CA},
    address = {Berkeley, CA},
    url = {https://doi-org.mime.uit.no/10.1007/978-1-4842-6882-7},
    doi = {10.1007/978-1-4842-6882-7},
    year = {2021}
}

 @misc{website:medication-errors,
    author = "{Alma Mulac, Katja Taxis, Ellen Hagesaether, Anne Gerd Granas}",
    title = "Severe and fatal medication errors in hospitals: findings from the Norwegian Incident Reporting System",
    year = "2021",
    howpublished = "\url{https://ejhp.bmj.com/content/early/2021/01/15/ejhpharm-2020-002298}",
    note = "[Online; besøkt 2021-05-19]"
  }
  
@book{book:python-ml ,
    author = "{Wei-Meng Lee}",
    booktitle = {Python Machine Learning},
    title = {Python Machine Learning},
    ISBN = {9781119545699},
    publisher = {John Wiley \& Sons, Incorporated},
    howpublished  = "\url{https://ebookcentral-proquest-com.mime.uit.no/lib/tromsoub-ebooks/detail.action?docID=5747364}",
    year = {2019},
    note = "[Online; besøkt 2021-05-24]"
}

@book{book:cloud-computing ,
    author = "{Rajiv Chopra}",
    booktitle = {Cloud Computing},
    title = {Cloud Computing A Self-Teaching Introduction},
    ISBN = {9781683920939},
    publisher = {Mercury Learning \& Information},
    howpublished  = "\url{https://ebookcentral-proquest-com.mime.uit.no/lib/tromsoub-ebooks/detail.action?docID=4895092}",
    year = {2017},
    note = "[Online; besøkt 2021-05-24]"
}

@misc{website:in-memory-sqlite,
    title = "In-memory databse",
    howpublished ="\url{https://www.sqlite.org/inmemorydb.html}",
    note = "[Online; besøkt 2021-06-04]"
}

 @misc{website:scrum-guide,
    author = "{Jeff Sutherland, Ken Schwaber}",
    title = "Scrumguides.org",
    year = "2021",
    howpublished = "\url{https://scrumguides.org/}",
    note = "[Online; besøkt 2021-06-1]"
  }
  
   @misc{website:agilemanifesto,
    author = "{agilemanifesto.org}",
    title = "Manifesto for Agile Software Development",
    year = "2021",
    howpublished = "\url{https://agilemanifesto.org/}",
    note = "[Online; besøkt 2021-06-4]"
  }
  
  @misc{website:cashmoneyhelse,
    author = "{Helsedirektoratet}",
    title = "Nøkkeltall for helse- og omsorgssektoren",
    year = "2017",
    howpublished = "\url{https://www.helsedirektoratet.no/rapporter/nokkeltall-for-helsesektoren/N%C3%B8kkeltall%20for%20helsesektoren%202016.pdf/_/attachment/inline/03aa43df-19c7-4ac7-ad73-917f2491ba7c:3ea6b4e17751bf6f0dc8415c5697f9dcc1093beb/N%C3%B8kkeltall%20for%20helsesektoren%202016.pdf}",
    note = "[Online; besøkt 2021-06-5]"
  }
 
@phdthesis{thesis:fielding,
author = {Roy Thomas Fielding},
title = {Architectural Styles and the Design of Network-based Software Architectures},
publisher = {University of California},
address = {Irvine},
year = {2000}
}

  